% This file was created with JabRef 2.8.
% Encoding: Cp1252
@inproceedings{koutis2011nearly,
  title={A nearly-m log n time solver for sdd linear systems},
  author={Koutis, Ioannis and Miller, Gary L and Peng, Richard},
  booktitle={Foundations of Computer Science (FOCS), 2011 IEEE 52nd Annual Symposium on},
  pages={590--598},
  year={2011},
  organization={IEEE}
}

@article{spielman2014nearly,
  title={Nearly linear time algorithms for preconditioning and solving symmetric, diagonally dominant linear systems},
  author={Spielman, Daniel A and Teng, Shang-Hua},
  journal={SIAM Journal on Matrix Analysis and Applications},
  volume={35},
  number={3},
  pages={835--885},
  year={2014},
  publisher={SIAM}
}
@inproceedings{Lofgren2014,
  title={{FAST-PPR: Scaling personalized PageRank estimation for large graphs}},
  author={Lofgren, Peter and Banerjee, Siddhartha and Goel, Ashish and Seshadhri, C},
  booktitle={ACM SIGKDD'14},
  year={2014}
}

@inproceedings{lofgren2016personalized,
  title={Personalized pagerank estimation and search: A bidirectional approach},
  author={Lofgren, Peter and Banerjee, Siddhartha and Goel, Ashish},
  booktitle={Proceedings of the Ninth ACM International Conference on Web Search and Data Mining},
  pages={163--172},
  year={2016},
  organization={ACM}
}


@article{dimov2015new,
  title={A new Walk on Equations Monte Carlo method for solving systems of linear algebraic equations},
  author={Dimov, Ivan and Maire, Sylvain and Sellier, Jean Michel},
  journal={Applied Mathematical Modelling},
  volume={39},
  number={15},
  pages={4494--4510},
  year={2015},
  publisher={Elsevier}
}
@article{wu2016multi,
  title={Multi-way Monte Carlo Method for Linear Systems},
  author={Wu, Tao and Gleich, David F},
  journal={arXiv preprint arXiv:1608.04361},
  year={2016}
}

@inproceedings{banerjee2015fast,
  title={Fast bidirectional probability estimation in markov models},
  author={Banerjee, Siddhartha and Lofgren, Peter},
  booktitle={Advances in Neural Information Processing Systems},
  pages={1423--1431},
  year={2015}
}

@article{lee2014asynchronous,
  title={Asynchronous Approximation of a Single Component of the Solution to a Linear System},
  author={Lee, Christina E and Ozdaglar, Asuman and Shah, Devavrat},
  journal={arXiv preprint arXiv:1411.2647},
  year={2014}
}
@inproceedings{andersen2007local,
  title={Local computation of PageRank contributions},
  author={Andersen, Reid and Borgs, Christian and Chayes, Jennifer and Hopcraft, John and Mirrokni, Vahab S and Teng, Shang-Hua},
  booktitle={International Workshop on Algorithms and Models for the Web-Graph},
  pages={150--165},
  year={2007},
  organization={Springer}
}

@inproceedings{Lee2013,
  title={Computing the stationary distribution locally},
  author={Lee, Christina E and Ozdaglar, Asuman and Shah, Devavrat},
  booktitle={Advances in Neural Information Processing Systems},
  pages={1376--1384},
  year={2013}
}

@article{Wasow1952,
  title={A note on the inversion of matrices by random walks},
  author={Wasow, WR},
  journal={Mathematical Tables and Other Aids to Computation},
  pages={78--81},
  year={1952},
  publisher={JSTOR}
}

@inproceedings{Kloster2014,
  title={Heat kernel based community detection},
  author={Kloster, Kyle and Gleich, David F},
  booktitle={ACM SIGKDD'14},
  year={2014}
}


@inproceedings{Negahban2012,
  title={Iterative ranking from pair-wise comparisons},
  author={Negahban, Sahand and Oh, Sewoong and Shah, Devavrat},
  booktitle={Advances in Neural Information Processing Systems},
  pages={2474--2482},
  year={2012}
}

@inproceedings{Steinhardt2015,
  title={Learning Fast-Mixing Models for Structured Prediction},
  author={Steinhardt, Jacob and Liang, Percy},
  booktitle={ICML'15},
  year={2015}
}

@article{Athreya2003,
  title={{Perfect sampling for Doeblin chains}},
  author={Athreya, Krishna B and Stenflo, {\"O}rjan},
  journal={Sankhy{\=a}: The Indian Journal of Statistics},
  pages={763--777},
  year={2003},
  publisher={JSTOR}
}

@article{Lempel2000,
  title={{The stochastic approach for link-structure analysis (SALSA) and the TKC effect}},
  author={Lempel, Ronny and Moran, Shlomo},
  journal={Computer Networks},
  volume={33},
  number={1},
  pages={387--401},
  year={2000},
  publisher={Elsevier}
}

@book{dubhashi2009,
  title={Concentration of measure for the analysis of randomized algorithms},
  author={Dubhashi, Devdatt P and Panconesi, Alessandro},
  year={2009},
  publisher={Cambridge University Press}
}


@INCOLLECTION{Andersen2007,
  author = {Andersen, Reid and Borgs, Christian and Chayes, Jennifer and Hopcraft,
	John and Mirrokni, Vahab S and Teng, Shang-Hua},
  title = {{Local computation of PageRank contributions}},
  booktitle = {Algorithms and Models for the Web-Graph},
  publisher = {Springer},
  year = {2007}
}

@INPROCEEDINGS{Andersen2006,
  author = {Andersen, Reid and Chung, Fan and Lang, Kevin},
  title = {{Local graph partitioning using PageRank vectors}},
  booktitle = {IEEE FOCS'06},
  year = {2006}
}

@ARTICLE{Avrachenkov2007,
  author = {Avrachenkov, Konstantin and Litvak, Nelly and Nemirovsky, Danil and
	Osipova, Natalia},
  title = {{Monte Carlo methods in PageRank computation: When one iteration is
	sufficient}},
  journal = {SIAM Journal on Numerical Analysis},
  year = {2007},
  publisher = {SIAM}
}

@INPROCEEDINGS{backstrom2011supervised,
  author = {Backstrom, Lars and Leskovec, Jure},
  title = {Supervised random walks: predicting and recommending links in social networks},
  booktitle = {ACM WSDM'11},
  year = {2011}
}

@article{ji2013convergence,
  title={Convergence Analysis of Markov Chain Monte Carlo Linear Solvers Using Ulam--von Neumann Algorithm},
  author={Ji, Hao and Mascagni, Michael and Li, Yaohang},
  journal={SIAM Journal on Numerical Analysis},
  volume={51},
  number={4},
  pages={2107--2122},
  year={2013},
  publisher={SIAM}
}

@ARTICLE{Bahmani2010,
  author = {Bahmani, Bahman and Chowdhury, Abdur and Goel, Ashish},
  title = {{Fast incremental and personalized PageRank}},
  journal = {Proceedings of the VLDB Endowment},
  year = {2010},
  publisher = {VLDB Endowment}
}

@INPROCEEDINGS{Bahmani2012,
  author = {Bahmani, Bahman and Goel, Ashish},
  title = {Partitioned multi-indexing: bringing order to social search},
  booktitle = {ACM WWW'12},
  year = {2012}
}

@INPROCEEDINGS{BRSLLP,
  author = {Paolo Boldi and Marco Rosa and Massimo Santini and Sebastiano Vigna},
  title = {Layered Label Propagation: A Multi Resolution Coordinate-Free Ordering for Compressing Social Networks},
  booktitle = {ACM WWW'11},
  year = {2011}
}

@ARTICLE{BSVLTAG,
  author = {Paolo Boldi and Massimo Santini and Sebastiano Vigna},
  title = {A Large Time-Aware Graph},
  journal = {SIGIR Forum},
  year = {2008},
  volume = {42},
  number = {2}
}

@ARTICLE{Borgs2013,
  author = {Borgs, Christian and Brautbar, Michael and Chayes, Jennifer and Teng,
	Shang-Hua},
  title = {{Multi-Scale matrix sampling and sublinear-time PageRank computation}},
  journal = {Internet Mathematics},
  year = {2013},
  publisher = {Taylor \& Francis}
}


@ARTICLE{Fogaras2005,
  author = {Fogaras, D{\'a}niel and R{\'a}cz, Bal{\'a}zs and Csalog{\'a}ny, K{\'a}roly
	and Sarl{\'o}s, Tam{\'a}s},
  title = {Towards scaling fully personalized pagerank: Algorithms, lower bounds,	and experiments},
  journal = {Internet Mathematics},
  year = {2005},
  publisher = {Taylor \& Francis}
}

@INPROCEEDINGS{GG79,
  author = {O. Gabber and Z. Galil},
  title = {Explicit constructions of linear size superconcentrators},
  booktitle = {IEEE FOCS'79},
  year = {1979}
}

@INCOLLECTION{Goldreich2011,
  author = {Goldreich, Oded and Ron, Dana},
  title = {On testing expansion in bounded-degree graphs},
  booktitle = {Studies in Complexity and Cryptography. Miscellanea on the Interplay
	between Randomness and Computation},
  publisher = {Springer},
  year = {2011}
}


@article{Bladt2014,
  title={Simple simulation of diffusion bridges with application to likelihood inference for diffusions},
  author={Bladt, Mogens and S{\o}rensen, Michael and others},
  journal={Bernoulli},
  volume={20},
  number={2},
  pages={645--675},
  year={2014},
  publisher={Bernoulli Society for Mathematical Statistics and Probability}
}

@incollection{Motwani2007,
  title={Estimating sum by weighted sampling},
  author={Motwani, Rajeev and Panigrahy, Rina and Xu, Ying},
  booktitle={Automata, Languages and Programming},
  pages={53--64},
  year={2007},
  publisher={Springer}
}


@ARTICLE{GoRo97,
  author = {O. Goldreich and D. Ron},
  title = {Property Testing in Bounded DegreeGraphs},
  journal = {Algorithmica},
  year = {2002},
  note = {Conference version in STOC'97}
}

@INPROCEEDINGS{gupta2013wtf,
  author = {Gupta, Pankaj and Goel, Ashish and Lin, Jimmy and Sharma, Aneesh
	and Wang, Dong and Zadeh, Reza},
  title = {Wtf: The who to follow service at twitter},
  booktitle = {ACM WWW'13},
  year = {2013}
}

@INPROCEEDINGS{horowitz2010,
  author = {Horowitz, Damon and Kamvar, Sepandar D},
  title = {The anatomy of a large-scale social search engine},
  booktitle = {Proceedings of the 19th international conference on World wide web},
  year = {2010},
  organization = {ACM}
}

@INPROCEEDINGS{Jeh2003,
  author = {Jeh, Glen and Widom, Jennifer},
  title = {Scaling personalized web search},
  booktitle = {ACM WWW'03},
  year = {2003},
}


@inproceedings{Doeblin1940,
  title={Elements d'une theorie generale des chaines simples constantes de Markoff},
  author={Doeblin, Wolfgang},
  booktitle={Annales Scientifiques de l'Ecole Normale Sup{\'e}rieure},
  volume={57},
  pages={61--111},
  year={1940},
  organization={Soci{\'e}t{\'e} math{\'e}matique de France}
}


@article{Athreya2003,
  title={Perfect sampling for Doeblin chains},
  author={Athreya, Krishna B and Stenflo, {\"O}rjan},
  journal={Sankhy{\=a}: The Indian Journal of Statistics},
  pages={763--777},
  year={2003},
  publisher={JSTOR}
}

@INPROCEEDINGS{Kale2008,
  author = {Kale, Satyen and Peres, Yuval and Seshadhri, C},
  title = {Noise tolerance of expanders and sublinear expander reconstruction},
  booktitle = {IEEE FOCS'08},
  year = {2008}
}

@TECHREPORT{bi_mstp_full,
  title={Fast Bidirectional Probability Estimation in Markov Models},
  author={Banerjee, Siddhartha and Lofgren, Peter},
  year = {2015},
  note = {\url{http://arxiv.org/abs/1507.05998}}
}

@ARTICLE{Lofgren2013,
  author = {Lofgren, Peter and Goel, Ashish},
  title = {Personalized PageRank to a Target Node},
  journal = {arXiv preprint arXiv:1304.4658},
  year = {2013}
}


@BOOK{motwani2010randomized,
  title = {Randomized algorithms},
  publisher = {Chapman \& Hall/CRC},
  year = {2010},
  author = {Motwani, Rajeev and Raghavan, Prabhakar}
}

@article{Chung2007,
  title={The heat kernel as the pagerank of a graph},
  author={Chung, Fan},
  journal={Proceedings of the National Academy of Sciences},
  volume={104},
  number={50},
  pages={19735--19740},
  year={2007}
}

@ARTICLE{Page1999,
  author = {Page, Lawrence and Brin, Sergey and Motwani, Rajeev and Winograd,
	Terry},
  title = {The PageRank citation ranking: bringing order to the web.},
  year = {1999},
  publisher = {Stanford InfoLab}
}

@INPROCEEDINGS{sarlos2006randomize,
  author = {Sarl{\'o}s, Tam{\'a}s and Bencz{\'u}r, Adr{\'a}s A and Csalog{\'a}ny,
	K{\'a}roly and Fogaras, D{\'a}niel and R{\'a}cz, Bal{\'a}zs},
  title = {To randomize or not to randomize: space optimal summaries for hyperlink
	analysis},
  booktitle = {Proceedings of the 15th international conference on World Wide Web},
  year = {2006},
  organization = {ACM}
}


@INPROCEEDINGS{takac2012data,
  author = {Takac, Lubos and Zabovsky, Michal},
  title = {Data analysis in public social networks},
  booktitle = {International. Scientific Conf. \& Workshop Present Day Trends of
	Innovations},
  year = {2012}
}


@INPROCEEDINGS{mislove-2007-socialnetworks,
  author = {Alan Mislove and Massimiliano Marcon and Krishna P. Gummadi and Peter
	Druschel and Bobby Bhattacharjee},
  title = {{Measurement and Analysis of Online Social Networks}},
  booktitle = {Proceedings of the 5th ACM/Usenix Internet Measurement Conference
	(IMC'07)},
  year = {2007},
  address = {San Diego, CA},
  month = {October}
}

@ARTICLE{tong2006fast,
  author = {Tong, Hanghang and Faloutsos, Christos and Pan, Jia-Yu},
  title = {Fast random walk with restart and its applications},
  year = {2006},
  publisher = {IEEE}
}



@MISC{SnapProject,
  title = {{Stanford Network Analysis Platform (SNAP)}},
  howpublished = {\url{http://http://snap.stanford.edu/}},
  note = {Accessed: 2014-02-11}
}

@MISC{WebAlgorithmics,
  title = {{Laboratory for Web Algorithmics}},
  howpublished = {\url{http://law.di.unimi.it/datasets.php}},
  note = {Accessed: 2014-02-11}
}

@inproceedings{sarkar2008fast,
  title={Fast incremental proximity search in large graphs},
  author={Sarkar, Purnamrita and Moore, Andrew W and Prakash, Amit},
  booktitle={Proceedings of the 25th international conference on Machine learning},
  pages={896--903},
  year={2008},
  organization={ACM}
}